@misc{ExampleReference2014,
	author = {Author, Example},
	title = {{Example reference}},
	year = {2014}
}

@ONLINE{aixm,
author = {European Organisation for the Safety of Air Navigation (EUROCONTROL)},
title = {AIXM conceptual model UML diagram},
year = {2006},
url = {http://www.aixm.aero/public/standard_page/introduction_aicm.html}
}